<?xml version="1.0" encoding="UTF-8"?><collection xmlns="http://www.loc.gov/MARC21/slim"><record><leader>00511nam--2200193-i-4500</leader><controlfield tag="001">000020610</controlfield><controlfield tag="002">20161230</controlfield><controlfield tag="005">20161230201033</controlfield><controlfield tag="008">060222s1000------------r-----000-0-eng-d</controlfield><datafield ind1=" " ind2=" " tag="020"><subfield code="a">0750303387</subfield></datafield><datafield ind1=" " ind2=" " tag="040"><subfield code="a">IFIN-HH</subfield></datafield><datafield ind1=" " ind2=" " tag="080"><subfield code="a">539.16</subfield></datafield><datafield ind1="1" ind2=" " tag="100"><subfield code="a">Poenaru, D.N</subfield></datafield><datafield ind1="1" ind2="0" tag="245"><subfield code="a">Nuclear decay modes</subfield><subfield code="c">D.n. poenaru (ed.)</subfield></datafield><datafield ind1=" " ind2=" " tag="260"><subfield code="a">Bristol</subfield><subfield code="b">J.W.Arrowsmith Ltd</subfield><subfield code="c">1996</subfield></datafield><datafield ind1=" " ind2=" " tag="300"><subfield code="a">577 P</subfield></datafield><datafield ind1=" " ind2=" " tag="490"><subfield code="a">Fundamental And Applied Nuclear Physics Series</subfield></datafield><datafield ind1=" " ind2=" " tag="852"><subfield code="a">80495</subfield><subfield code="c">539.14</subfield></datafield><datafield ind1=" " ind2=" " tag="CAT"><subfield code="a">Sys</subfield><subfield code="c">20130927</subfield><subfield code="h">123845</subfield></datafield></record></collection>